@article{mondria2013financial,
  title={Financial contagion and attention allocation*},
  author={Mondria, Jordi and Quintana-Domeque, Climent},
  journal={The Economic Journal},
  volume={123},
  number={568},
  pages={429--454},
  year={2013},
  publisher={Wiley Online Library}
}