@techreport{brutti2012transmission,
  title={Transmission of Sovereign Risk in the Euro Crisis},
  author={Brutti, Filippo and Saur{\'e}, Philip Ulrich},
  year={2012},
  institution={Swiss National Bank, Study Center Gerzensee}
}

@article{mondria2013financial,
  title={Financial contagion and attention allocation*},
  author={Mondria, Jordi and Quintana-Domeque, Climent},
  journal={The Economic Journal},
  volume={123},
  number={568},
  pages={429--454},
  year={2013},
  publisher={Wiley Online Library}
}

@techreport{kaminsky2003unholy,
  title={The unholy trinity of financial contagion},
  author={Kaminsky, Graciela L and Reinhart, Carmen and Vegh, Carlos A},
  year={2003},
  institution={National Bureau of Economic Research}
}
@article{arezki2011sovereign,
  title={Sovereign rating news and financial markets spillovers: Evidence from the European debt crisis},
  author={Arezki, Rabah and Candelon, Bertrand and Sy, Amadou Nicolas Racine},
  journal={IMF working papers},
  pages={1--27},
  year={2011}
}
@article{ahnert2014wake,
  title={A wake-up call theory of contagion},
  author={Ahnert, Toni and Bertsch, Christoph},
  year={2014}
}

@article{beirne2013pricing,
  title={The pricing of sovereign risk and contagion during the European sovereign debt crisis},
  author={Beirne, John and Fratzscher, Marcel},
  journal={Journal of International Money and Finance},
  volume={34},
  pages={60--82},
  year={2013},
  publisher={Elsevier}
}
@incollection{romer1989does,
  title={Does monetary policy matter? A new test in the spirit of Friedman and Schwartz},
  author={Romer, Christina D and Romer, David H},
  booktitle={NBER Macroeconomics Annual 1989, Volume 4},
  pages={121--184},
  year={1989},
  publisher={MIT Press}
}
@techreport{whelan2013ireland,
  title={Ireland's economic crisis: The good, the bad and the ugly},
  author={Whelan, Karl},
  year={2013},
  institution={Working Paper Series, UCD Centre for Economic Research}
}

@article{whelan2013sovereign,
  title={Sovereign default and the euro},
  author={Whelan, Karl},
  journal={Oxford Review of Economic Policy},
  volume={29},
  number={3},
  pages={478--501},
  year={2013},
  publisher={Oxford Univ Press}
}
@article{pesaran2007econometric,
  title={Econometric issues in the analysis of contagion},
  author={Pesaran, M Hashem and Pick, Andreas},
  journal={Journal of Economic Dynamics and Control},
  volume={31},
  number={4},
  pages={1245--1277},
  year={2007},
  publisher={Elsevier}
}
@article{masson1998contagion,
  title={Contagion: monsoonal effects, spillovers, and jumps between multiple equilibria},
  author={Masson, Paul R},
  year={1998},
  publisher={IMF working paper}
}

@article{masson1999contagion,
  title={Contagion:: macroeconomic models with multiple equilibria},
  author={Masson, Paul},
  journal={Journal of International Money and Finance},
  volume={18},
  number={4},
  pages={587--602},
  year={1999},
  publisher={Elsevier}
}

@incollection{forbes2001measuring,
  title={Measuring contagion: conceptual and empirical issues},
  author={Forbes, Kristin and Rigobon, Roberto},
  booktitle={International financial contagion},
  pages={43--66},
  year={2001},
  publisher={Springer}
}

@article{forbes2002no,
  title={No contagion, only interdependence: measuring stock market comovements},
  author={Forbes, Kristin J and Rigobon, Roberto},
  journal={The journal of finance},
  volume={57},
  number={5},
  pages={2223--2261},
  year={2002},
  publisher={Wiley Online Library}
}
@techreport{forbes2000contagion,
  title={Contagion in Latin America: Definitions, measurement, and policy implications},
  author={Forbes, Kristin and Rigobon, Roberto},
  year={2000},
  institution={National Bureau of Economic Research}
}

@article{metiu2012sovereign,
  title={Sovereign risk contagion in the Eurozone},
  author={Metiu, Norbert},
  journal={Economics Letters},
  volume={117},
  number={1},
  pages={35--38},
  year={2012},
  publisher={Elsevier}
}

@inproceedings{buchholz2013sovereign,
  title={Sovereign credit risk co-movements in the eurozone: Simple interdependence or contagion?},
  author={Buchholz, Manuel and Tonzer, Lena},
  booktitle={INET Workshop},
  pages={4--5},
  year={2013}
}

@article{kohonen2014transmission,
  title={Transmission of government default risk in the eurozone},
  author={Kohonen, Anssi},
  journal={Journal of International Money and Finance},
  volume={47},
  pages={71--85},
  year={2014},
  publisher={Elsevier}
}

@article{giordano2013pure,
  title={Pure or Wake-up-Call Contagion? Another Look at the EMU Sovereign Debt Crisis},
  author={Giordano, Raffaela and Pericoli, Marcello and Tommasino, Pietro},
  journal={International Finance},
  volume={16},
  number={2},
  pages={131--160},
  year={2013},
  publisher={Wiley Online Library}
}

@article{kaminsky1999twin,
  title={The twin crises: the causes of banking and balance-of-payments problems},
  author={Kaminsky, Graciela L and Reinhart, Carmen M},
  journal={American economic review},
  pages={473--500},
  year={1999},
  publisher={JSTOR}
}

@techreport{eichengreen1996contagious,
  title={Contagious currency crises},
  author={Eichengreen, Barry and Rose, Andrew K and Wyplosz, Charles},
  year={1996},
  institution={National Bureau of Economic Research}
}

@article{giordano2013pure,
	title={Pure or Wake-up-Call Contagion? Another Look at the EMU Sovereign Debt Crisis},
	author={Giordano, Raffaela and Pericoli, Marcello and Tommasino, Pietro},
	journal={International Finance},
	volume={16},
	number={2},
	pages={131--160},
	year={2013},
	publisher={Wiley Online Library}
}
